@Misc{mpi1.1,
  author =	 {Message Passing Interface Forum},
  title =	 {{MPI}: A Message-Passing Interface Standard},
  month =	 {November},
  year =	 2003,
  howpublished = {{\url{http://www.mpi-forum.org/docs/mpi-11-html/mpi-report.html}}}
}

@Misc{mpi2.0,
  author =	 {Message Passing Interface Forum},
  title =	 {{MPI}-2: Extensions to the Message-Passing Interface},
  month =	 {November},
  year =	 2003,
  howpublished = {{\url{http://www.mpi-forum.org/docs/mpi-20-html/mpi2-report.html}}}
}
